<record><leader>00000cas a22000007a 4500</leader><controlfield tag="001">1481537</controlfield><controlfield tag="008">750727d19011910mnuwr ne      0    0eng d</controlfield><datafield ind1=" " ind2=" " tag="010"><subfield code="a">sn 90057537 </subfield></datafield><datafield ind1=" " ind2=" " tag="040"><subfield code="a">MUL</subfield><subfield code="b">eng</subfield><subfield code="c">MUL</subfield><subfield code="d">MN#</subfield><subfield code="d">OCLCQ</subfield><subfield code="d">OCLCF</subfield><subfield code="d">OCLCO</subfield></datafield><datafield ind1="1" ind2=" " tag="029"><subfield code="a">AU@</subfield><subfield code="b">000025872077</subfield></datafield><datafield ind1=" " ind2=" " tag="042"><subfield code="a">msc</subfield></datafield><datafield ind1=" " ind2=" " tag="043"><subfield code="a">n-us-mn</subfield></datafield><datafield ind1=" " ind2=" " tag="052"><subfield code="a">4144</subfield><subfield code="b">A6</subfield></datafield><datafield ind1=" " ind2=" " tag="052"><subfield code="a">4143</subfield><subfield code="b">A5</subfield></datafield><datafield ind1="0" ind2="0" tag="245"><subfield code="a">Anoka free press.</subfield></datafield><datafield ind1=" " ind2=" " tag="260"><subfield code="a">Anoka, Minn. :</subfield><subfield code="b">N.P. Olson,</subfield><subfield code="c">1901-1910.</subfield></datafield><datafield ind1=" " ind2=" " tag="300"><subfield code="a">11 v.</subfield></datafield><datafield ind1=" " ind2=" " tag="310"><subfield code="a">Weekly</subfield></datafield><datafield ind1="0" ind2=" " tag="362"><subfield code="a">Vol. 1, no. 1 (Aug. 15, 1901)-v. 11, no. 5 (Nov. 10, 1910).</subfield></datafield><datafield ind1=" " ind2=" " tag="530"><subfield code="a">Available on microfilm from the Minnesota Historical Society.</subfield></datafield><datafield ind1=" " ind2="0" tag="651"><subfield code="a">Anoka (Minn.)</subfield><subfield code="v">Newspapers.</subfield></datafield><datafield ind1=" " ind2="7" tag="655"><subfield code="a">Newspapers.</subfield><subfield code="2">fast</subfield><subfield code="0">(OCoLC)fst01423814</subfield></datafield><datafield ind1=" " ind2="7" tag="651"><subfield code="a">Minnesota</subfield><subfield code="z">Anoka.</subfield><subfield code="2">fast</subfield><subfield code="0">(OCoLC)fst01215333</subfield></datafield><datafield ind1=" " ind2=" " tag="752"><subfield code="a">United States</subfield><subfield code="b">Minnesota</subfield><subfield code="c">Anoka</subfield><subfield code="d">Anoka.</subfield></datafield><datafield ind1="0" ind2="4" tag="785"><subfield code="t">Anoka herald</subfield><subfield code="w">(DLC)sn 90057539</subfield></datafield></record>